@article{QB,
  title={High-volume fraction simulations of two-dimensional vesicle suspensions},
  author={Quaife, Bryan and Biros, George},
  journal={Journal of Computational Physics},
  volume={274},
  pages={245--267},
  year={2014},
  publisher={Elsevier}
}

@misc{K,
  title={Linear integral equations, volume 82 of Applied Mathematical Sciences},
  author={Kress, Rainer},
  year={1999},
  publisher={Springer-Verlag, New York,}
}

@book{F,
 author = {Farin, Gerald},
 title = {Curves and Surfaces for Computer Aided Geometric Design: A Practical Guide},
 year = {1988},
 isbn = {0-12-249050-9},
 publisher = {Academic Press Professional, Inc.},
 address = {San Diego, CA, USA},
} 

@article{MB,
  title={{PVFMM}: A parallel kernel independent {FMM} for particle and volume potentials},
  author={Malhotra, Dhairya and Biros, George},
  journal={Communications in Computational Physics},
  volume={18},
  number={3},
  pages={808--830},
  year={2015},
  publisher={Cambridge University Press}
}
@article{YBZ,
  title={A high-order {3D} boundary integral equation solver for elliptic {PDEs} in smooth domains},
  author={Ying, Lexing and Biros, George and Zorin, Denis},
  journal={Journal of Computational Physics},
  volume={219},
  number={1},
  pages={247--275},
  year={2006},
  publisher={Elsevier}
}

@article{RBZ,
      title={Ubiquitous evaluation of layer potentials using {Quadrature} by {Kernel}-{Independent} {Expansion}},
  author={Rahimian, Abtin and Barnett, Alex and Zorin, Denis},
  journal={BIT Numerical Mathematics},
  volume={58},
  number={2},
  pages={423--456},
  year={2018},
  publisher={Springer}
}

@article{barnett2014evaluation,
  title={Evaluation of layer potentials close to the boundary for {Laplace} and {Helmholtz} problems on analytic planar domains},
  author={Barnett, Alex H},
  journal={SIAM Journal on Scientific Computing},
  volume={36},
  number={2},
  pages={A427--A451},
  year={2014},
  publisher={SIAM}
}

@article{DT,
  title={Stable extrapolation of analytic functions},
  author={Demanet, Laurent and Townsend, Alex},
  journal={arXiv preprint arXiv:1605.09601},
  year={2016}
}

@article{ST,
      title={A local target specific quadrature by expansion method for evaluation of layer potentials in {3D}},
  author={Siegel, Michael and Tornberg, Anna-Karin},
  journal={Journal of Computational Physics},
  volume={364},
  pages={365--392},
  year={2018},
  publisher={Elsevier}
}

@article{KBGN,
  title={Quadrature by {Expansion}: {A} new method for the evaluation of layer potentials},
  author={Kl{\"o}ckner, Andreas and Barnett, Alexander and Greengard, Leslie and O'Neil, Michael},
  journal={Journal of Computational Physics},
  volume={252},
  pages={332--349},
  year={2013},
  publisher={Elsevier}
}
@article{SR,
  title={On the solution of elliptic partial differential equations on regions with corners},
  author={Serkh, Kirill and Rokhlin, Vladimir},
  journal={Journal of Computational Physics},
  volume={305},
  pages={150--171},
  year={2016},
  publisher={Elsevier}
}

@article{S,
title = {On the solution of elliptic partial differential equations on regions with corners {II}: Detailed analysis},
author = {Serkh, Kirill},
journal = {Applied and Computational Harmonic Analysis},
issn = {1063-5203},
year = {2017},
doi = {https://doi.org/10.1016/j.acha.2017.05.001},
}
@article{serkh2018solution,
  title={On the solution of elliptic partial differential equations on regions with corners {III}: curved boundaries},
  author={Serkh, Kirill},
  journal={Manuscript in preparation},
  year={2018}
}

@article{hoskins2019numerical,
  title={On the numerical solution of elliptic partial differential equations on polygonal domains},
  author={Hoskins, Jeremy G and Rokhlin, Vladimir and Serkh, Kirill},
  journal={SIAM Journal on Scientific Computing},
  volume={41},
  number={4},
  pages={A2552--A2578},
  year={2019},
  publisher={SIAM}
}
@article{rachh2017solution,
  title={On the solution of {Stokes} equation on regions with corners},
  author={Rachh, Manas and Serkh, Kirill},
  journal={arXiv preprint arXiv:1711.04072},
  year={2017}
}

@article{serkh2016solution,
  title={On the solution of the {Helmholtz} equation on regions with corners},
  author={Serkh, Kirill and Rokhlin, Vladimir},
  journal={Proceedings of the National Academy of Sciences},
  volume={113},
  number={33},
  pages={9171--9176},
  year={2016},
  publisher={National Acad Sciences}
}

@article{RKO,
  title={Fast algorithms for {Quadrature} by {Expansion} {I}: {Globally} valid expansions},
  author={Rachh, Manas and Kl{\"o}ckner, Andreas and O'Neil, Michael},
  journal={Journal of Computational Physics},
  volume={345},
  pages={706--731},
  year={2017},
  publisher={Elsevier}
}
@article{KBGO,
  title={Quadrature by {Expansion}: {A} new method for the evaluation of layer potentials},
  author={Kl{\"o}ckner, Andreas and Barnett, Alexander and Greengard, Leslie and O'Neil, Michael},
  journal={Journal of Computational Physics},
  volume={252},
  pages={332--349},
  year={2013},
  publisher={Elsevier}
}
@article{aT1,
  title={Adaptive {Quadrature} by {Expansion} for layer potential evaluation in two dimensions},
  author={af Klinteberg, Ludvig and Tornberg, Anna-Karin},
  journal={SIAM Journal on Scientific Computing},
  volume={40},
  number={3},
  pages={A1225--A1249},
  year={2018},
  publisher={SIAM}
}

@article{aT2,
  title={Error estimation for {Quadrature} by {Expansion} in layer potential evaluation},
  author={af Klinteberg, Ludvig and Tornberg, Anna-Karin},
  journal={Advances in Computational Mathematics},
  volume={43},
  number={1},
  pages={195--234},
  year={2017},
  publisher={Springer}
}

@article{BT,
  title={Barycentric lagrange interpolation},
  author={Berrut, Jean-Paul and Trefethen, Lloyd N},
  journal={Siam Review},
  volume={46},
  number={3},
  pages={501--517},
  year={2004},
  publisher={SIAM}
}
@article{T1,
  title={Is {Gauss} Quadrature Better than {Clenshaw}-{Curtis}?},
  author={Trefethen, Lloyd N},
  journal={SIAM review},
  volume={50},
  number={1},
  pages={67--87},
  year={2008},
  publisher={SIAM}
}

@book{T2,
  title={Approximation theory and approximation practice},
  author={Trefethen, Lloyd N},
  year={2013},
  publisher={Siam}
}
@article{EGK,
  title={On the convergence of local expansions of layer potentials},
  author={Epstein, Charles L and Greengard, Leslie and Klockner, Andreas},
  journal={SIAM Journal on Numerical Analysis},
  volume={51},
  number={5},
  pages={2660--2679},
  year={2013},
  publisher={SIAM}
}

@article{HO,
  title={On the evaluation of layer potentials close to their sources},
  author={Helsing, Johan and Ojala, Rikard},
  journal={Journal of Computational Physics},
  volume={227},
  number={5},
  pages={2899--2921},
  year={2008},
  publisher={Elsevier}
}

@article{BG,
  title={A {Nystr{\"o}m} method for weakly singular integral operators on surfaces},
  author={Bremer, James and Gimbutas, Zydrunas},
  journal={Journal of computational physics},
  volume={231},
  number={14},
  pages={4885--4903},
  year={2012},
  publisher={Elsevier}
}

@article{xiao2010numerical,
  title={A numerical algorithm for the construction of efficient quadrature rules in two and higher dimensions},
  author={Xiao, Hong and Gimbutas, Zydrunas},
  journal={Computers \& mathematics with applications},
  volume={59},
  number={2},
  pages={663--676},
  year={2010},
  publisher={Elsevier}
}   

@article{bremer2010nonlinear,
  title={A nonlinear optimization procedure for generalized {Gaussian} quadratures},
  author={Bremer, James and Gimbutas, Zydrunas and Rokhlin, Vladimir},
  journal={SIAM Journal on Scientific Computing},
  volume={32},
  number={4},
  pages={1761--1788},
  year={2010},
  publisher={SIAM}
}

@article{alpert1999hybrid,
  title={Hybrid {Gauss}-trapezoidal quadrature rules},
  author={Alpert, Bradley K},
  journal={SIAM Journal on Scientific Computing},
  volume={20},
  number={5},
  pages={1551--1584},
  year={1999},
  publisher={SIAM}
}

@inproceedings{bommes2013quad,
  title={Quad-mesh generation and processing: A survey},
  author={Bommes, David and L{\'e}vy, Bruno and Pietroni, Nico and Puppo, Enrico and Silva, Claudio and Tarini, Marco and Zorin, Denis},
  booktitle={Computer Graphics Forum},
  volume={32},
  number={6},
  pages={51--76},
  year={2013},
  organization={Wiley Online Library}
}
@article{zhou2016mesh,
  title={Mesh arrangements for solid geometry},
  author={Zhou, Qingnan and Grinspun, Eitan and Zorin, Denis and Jacobson, Alec},
  journal={ACM Transactions on Graphics (TOG)},
  volume={35},
  number={4},
  pages={39},
  year={2016},
  publisher={ACM}
}
@article{jacobson2013robust,
  title={Robust inside-outside segmentation using generalized winding numbers},
  author={Jacobson, Alec and Kavan, Ladislav and Sorkine-Hornung, Olga},
  journal={ACM Transactions on Graphics (TOG)},
  volume={32},
  number={4},
  pages={33},
  year={2013},
  publisher={ACM}
}
@inproceedings{ying2004simple,
  title={A simple manifold-based construction of surfaces of arbitrary smoothness},
  author={Ying, Lexing and Zorin, Denis},
  booktitle={ACM Transactions on Graphics (TOG)},
  volume={23},
  number={3},
  pages={271--275},
  year={2004},
  organization={ACM}
}

@article{bruno2007accurate,
  title={Accurate, high-order representation of complex three-dimensional surfaces via {Fourier} continuation analysis},
  author={Bruno, Oscar P and Han, Youngae and Pohlman, Matthew M},
  journal={Journal of computational Physics},
  volume={227},
  number={2},
  pages={1094--1125},
  year={2007},
  publisher={Elsevier}
}

@article{wala20193d,
  title={A fast algorithm for {Quadrature} by {Expansion} in three dimensions},
  author={Wala, Matt and Kl{\"o}ckner, Andreas},
  journal={Journal of Computational Physics},
  volume={388},
  pages={655--689},
  year={2019},
  publisher={Elsevier}
}

@article{wala2018fast,
  title={A fast algorithm with error bounds for {Quadrature} by {Expansion}},
  author={Wala, Matt and Kl{\"o}ckner, Andreas},
  journal={Journal of Computational Physics},
  volume={374},
  pages={135--162},
  year={2018},
  publisher={Elsevier}
}

@article{wala2019optimization,
  title={Optimization of fast algorithms for global {Quadrature} by {Expansion} using target-specific expansions},
  author={Wala, Matt and Kl{\"o}ckner, Andreas},
  journal={Journal of Computational Physics},
  pages={108976},
  year={2019},
  publisher={Elsevier}
}

@article{af2016fast,
  title={A fast integral equation method for solid particles in viscous flow using {Quadrature} by {Expansion}},
  author={af Klinteberg, Ludvig and Tornberg, Anna-Karin},
  journal={Journal of Computational Physics},
  volume={326},
  pages={420--445},
  year={2016},
  publisher={Elsevier}
}
@article{demanet2010chebyshev,
  title={On {Chebyshev} interpolation of analytic functions},
  author={Demanet, Laurent and Ying, Lexing},
  journal={preprint},
  year={2010}
}
@article{amenta2014normal,
  title={Normal variation for adaptive feature size},
  author={Amenta, Nina and Dey, Tamal K},
  journal={arXiv preprint arXiv:1408.0314},
  year={2014}
}
@article{hammar2002box,
  title={Box-trees and {R}-trees with near-optimal query time},
  author={P. K. Agarwal, M. de Berg, J. Gudmundsson, Hammar, M and Haverkort, H.J.},
  journal={Discrete \& Computational Geometry},
  volume={28},
  number={3},
  pages={291--312},
  year={2002},
  publisher={Springer}
}

@article{greengard1987fast,
  title={A fast algorithm for particle simulations},
  author={Greengard, Leslie and Rokhlin, Vladimir},
  journal={Journal of computational physics},
  volume={73},
  number={2},
  pages={325--348},
  year={1987},
  publisher={Elsevier}
}
@article{ying2004kernel,
  title={A kernel-independent adaptive fast multipole algorithm in two and three dimensions},
  author={Ying, Lexing and Biros, George and Zorin, Denis},
  journal={Journal of Computational Physics},
  volume={196},
  number={2},
  pages={591--626},
  year={2004},
  publisher={Elsevier}
}

@article{liu2016efficient,
  title={Efficient numerical solution of acoustic scattering from doubly-periodic arrays of axisymmetric objects},
  author={Liu, Yuxiang and Barnett, Alex H},
  journal={Journal of Computational Physics},
  volume={324},
  pages={226--245},
  year={2016},
  publisher={Elsevier}
}

@article{bremer2013numerical,
  title={On the numerical evaluation of the singular integrals of scattering theory},
  author={Bremer, James and Gimbutas, Zydrunas},
  journal={Journal of Computational Physics},
  volume={251},
  pages={327--343},
  year={2013},
  publisher={Elsevier}
}

@article{bremer2012nystrom,
  title={A {Nystr{\"o}m} method for weakly singular integral operators on surfaces},
  author={Bremer, James and Gimbutas, Zydrunas},
  journal={Journal of computational physics},
  volume={231},
  number={14},
  pages={4885--4903},
  year={2012},
  publisher={Elsevier}
}

//---------------------------------------------------------------------------
// BEM solvers
//---------------------------------------------------------------------------
@article{cao2015fast,
  title={A fast directional {BEM} for large-scale acoustic problems based on the {Burton-Miller} formulation},
  author={Cao, Yanchuang and Wen, Lihua and Xiao, Jinyou and Liu, Yijun},
  journal={Engineering Analysis with Boundary Elements},
  volume={50},
  pages={47--58},
  year={2015},
  publisher={Elsevier}
}

@article{smigaj2015solving,
  title={Solving boundary integral problems with {BEM++}},
  author={{\'S}migaj, Wojciech and Betcke, Timo and Arridge, Simon and Phillips, Joel and Schweiger, Martin},
  journal={ACM Transactions on Mathematical Software (TOMS)},
  volume={41},
  number={2},
  pages={6},
  year={2015},
  publisher={ACM}
}

@article{taus2016isogeometric,
  title={Isogeometric analysis of boundary integral equations: High-order collocation methods for the singular and hyper-singular equations},
  author={Taus, Matthias and Rodin, Gregory J and Hughes, Thomas JR},
  journal={Mathematical Models and Methods in Applied Sciences},
  volume={26},
  number={08},
  pages={1447--1480},
  year={2016},
  publisher={World Scientific}
}
@article{zechner2016isogeometric,
  title={The isogeometric {Nystr{\"o}m} method},
  author={Zechner, J{\"u}rgen and Marussig, Benjamin and Beer, Gernot and Fries, Thomas-Peter},
  journal={Computer methods in applied mechanics and engineering},
  volume={308},
  pages={212--237},
  year={2016},
  publisher={Elsevier}
}

@book{samet2006foundations,
  title={Foundations of multidimensional and metric data structures},
  author={Samet, Hanan},
  year={2006},
  publisher={Morgan Kaufmann}
}
@article{bespalov2019adaptive,
  title={Adaptive {BEM} with optimal convergence rates for the {Helmholtz} equation},
  author={Bespalov, Alex and Betcke, Timo and Haberl, Alexander and Praetorius, Dirk},
  journal={Computer Methods in Applied Mechanics and Engineering},
  volume={346},
  pages={260--287},
  year={2019},
  publisher={Elsevier}
}

@article{betcke2019adaptive,
  title={Adaptive boundary element methods for the computation of the electrostatic capacity on complex polyhedra},
  author={Betcke, Timo and Haberl, Alexander and Praetorius, Dirk},
  journal={arXiv preprint arXiv:1901.08393},
  year={2019}
}

@incollection{sauter2010boundary,
  title={Boundary element methods},
  author={Sauter, Stefan A and Schwab, Christoph},
  booktitle={Boundary Element Methods},
  pages={183--287},
  year={2010},
  publisher={Springer}
}
@book{steinbach2007numerical,
  title={Numerical approximation methods for elliptic boundary value problems: finite and boundary elements},
  author={Steinbach, Olaf},
  year={2007},
  publisher={Springer Science \& Business Media}
}


@article{hughes2005isogeometric,
  title={Isogeometric analysis: {CAD}, finite elements, {NURBS}, exact geometry and mesh refinement},
  author={Hughes, Thomas JR and Cottrell, John A and Bazilevs, Yuri},
  journal={Computer methods in applied mechanics and engineering},
  volume={194},
  number={39-41},
  pages={4135--4195},
  year={2005},
  publisher={Elsevier}
}

@article{chaillat2017fast,
  title={Fast iterative boundary element methods for high-frequency scattering problems in {3D} elastodynamics},
  author={Chaillat, St{\'e}phanie and Darbas, Marion and Le Lou{\"e}r, Fr{\'e}d{\'e}rique},
  journal={Journal of Computational Physics},
  volume={341},
  pages={429--446},
  year={2017},
  publisher={Elsevier}
}

@article{chaillat2017theory,
  title={Theory and implementation of {H}-matrix based iterative and direct solvers for {Helmholtz} and elastodynamic oscillatory kernels},
  author={Chaillat, St{\'e}phanie and Desiderio, Luca and Ciarlet, Patrick},
  journal={Journal of Computational physics},
  volume={351},
  pages={165--186},
  year={2017},
  publisher={Elsevier}
}



//---------------------------------------------------------------------------
// Partition of unity solvers
//---------------------------------------------------------------------------
@article{malhotra2019taylor,
  title={Taylor States in Stellarators: A Fast High-order Boundary Integral Solver},
  author={Malhotra, Dhairya and Cerfon, Antoine and Imbert-G{\'e}rard, Lise-Marie and O'Neil, Michael},
  journal={arXiv preprint arXiv:1902.01205},
  year={2019}
}

@article{bruno2013high,
  title={A high-order integral solver for scalar problems of diffraction by screens and apertures in three-dimensional space},
  author={Bruno, Oscar P and Lintner, St{\'e}phane K},
  journal={Journal of Computational Physics},
  volume={252},
  pages={250--274},
  year={2013},
  publisher={Elsevier}
}

@article{bruno2001fast,
  title={A fast, high-order algorithm for the solution of surface scattering problems: basic implementation, tests, and applications},
  author={Bruno, Oscar P and Kunyansky, Leonid A},
  journal={Journal of Computational Physics},
  volume={169},
  number={1},
  pages={80--110},
  year={2001},
  publisher={Elsevier}
}

@article{perez2019harmonic,
  title={Harmonic density interpolation methods for high-order evaluation of {Laplace} layer potentials in {2D} and {3D}},
  author={P{\'e}rez-Arancibia, Carlos and Faria, Luiz M and Turc, Catalin},
  journal={Journal of Computational Physics},
  volume={376},
  pages={411--434},
  year={2019},
  publisher={Elsevier}
}
@article{ganesh2004high,
    title={A high-order algorithm for obstacle scattering in three dimensions},
    author={Ganesh, Mahadevan and Graham, Ivan G},
    journal={Journal of Computational Physics},
    volume={198},
    number={1},
    pages={211--242},
    year={2004},
    publisher={Elsevier}
}

//---------------------------------------------------------------------------
// Asymptotic kernel correction schemes
//---------------------------------------------------------------------------
@article{beale2016simple,
  title={A simple method for computing singular or nearly singular integrals on closed surfaces},
  author={Beale, J Thomas and Ying, Wenjun and Wilson, Jason R},
  journal={Communications in Computational Physics},
  volume={20},
  number={3},
  pages={733--753},
  year={2016},
  publisher={Cambridge University Press}
}
@article{beale2004grid,
  title={A grid-based boundary integral method for elliptic problems in three dimensions},
  author={Beale, J Thomas},
  journal={SIAM Journal on Numerical Analysis},
  volume={42},
  number={2},
  pages={599--620},
  year={2004},
  publisher={SIAM}
}

@article{tlupova2019regularized,
  title={Regularized Single and Double Layer Integrals in {3D} {Stokes} Flow},
  author={Tlupova, Svetlana and Beale, J Thomas},
  journal={Journal of Computational Physics},
  year={2019},
  publisher={Elsevier}
}

@article{carvalho2018asymptotic,
  title={Asymptotic approximations for the close evaluation of double-layer potentials},
  author={Carvalho, Camille and Khatri, Shilpa and Kim, Arnold D},
  journal={arXiv preprint arXiv:1810.02483},
  year={2018}
}

@article{khatri2020close,
    title={Close evaluation of layer potentials in three dimensions},
    author={Khatri, Shilpa and Kim, Arnold D and Cortez, Ricardo and Carvalho, Camille},
    journal={Journal of Computational Physics},
    volume={423},
    pages={109798},
    year={2020},
    publisher={Elsevier}
}
@article{carvalho2018asymptotic1,
  title={Asymptotic analysis for close evaluation of layer potentials},
  author={Carvalho, Camille and Khatri, Shilpa and Kim, Arnold D},
  journal={Journal of Computational Physics},
  volume={355},
  pages={327--341},
  year={2018},
  publisher={Elsevier}
}

//---------------------------------------------------------------------------
// Asymptotic kernel correction schemes
//---------------------------------------------------------------------------
@article{qu2015fast,
  title={Fast multipole accelerated singular boundary method for the {3D} {Helmholtz} equation in low frequency regime},
  author={Qu, Wenzhen and Chen, Wen and Gu, Yan},
  journal={Computers \& Mathematics with Applications},
  volume={70},
  number={4},
  pages={679--690},
  year={2015},
  publisher={Elsevier}
}

//---------------------------------------------------------------------------
// Elliott error estimate papers.
//---------------------------------------------------------------------------
@article{elliott2008clenshaw,
  title={{Clenshaw}--{Curtis} and {Gauss}--{Legendre} quadrature for certain boundary element integrals},
  author={Elliott, David and Johnston, Barbara M and Johnston, Peter R},
  journal={SIAM Journal on Scientific Computing},
  volume={31},
  number={1},
  pages={510--530},
  year={2008},
  publisher={SIAM}
}

@article{elliott2015complete,
  title={A complete error analysis for the evaluation of a two-dimensional nearly singular boundary element integral},
  author={Elliott, David and Johnston, Barbara M and Johnston, Peter R},
  journal={Journal of Computational and Applied Mathematics},
  volume={279},
  pages={261--276},
  year={2015},
  publisher={Elsevier}
}

@article{elliott2011estimates,
  title={Estimates of the error in {Gauss}--{Legendre} quadrature for double integrals},
  author={Elliott, David and Johnston, Peter R and Johnston, Barbara M},
  journal={Journal of Computational and Applied Mathematics},
  volume={236},
  number={6},
  pages={1552--1561},
  year={2011},
  publisher={Elsevier}
}

@article{donaldson1972unified,
  title={A unified approach to quadrature rules with asymptotic estimates of their remainders},
  author={Donaldson, JD and Elliott, David},
  journal={SIAM Journal on Numerical Analysis},
  volume={9},
  number={4},
  pages={573--602},
  year={1972},
  publisher={SIAM}
}
@article{trefethen2008gauss,
  title={Is {Gauss} quadrature better than {Clenshaw}--{Curtis}?},
  author={Trefethen, Lloyd N},
  journal={SIAM review},
  volume={50},
  number={1},
  pages={67--87},
  year={2008},
  publisher={SIAM}
}

@article{klinteberg2019accurate,
  title={Accurate quadrature of nearly singular line integrals in two and three dimensions by singularity swapping},
  author={Klinteberg, Ludvig af and Barnett, Alex H},
  journal={arXiv preprint arXiv:1910.09899},
  year={2019}
}

@article{duffy1982quadrature,
  title={Quadrature over a pyramid or cube of integrands with a singularity at a vertex},
  author={Duffy, Michael G},
  journal={SIAM journal on Numerical Analysis},
  volume={19},
  number={6},
  pages={1260--1262},
  year={1982},
  publisher={SIAM}
}

@article{barnett2008stability,
  title={Stability and convergence of the method of fundamental solutions for {Helmholtz} problems on analytic domains},
  author={Barnett, Alex H and Betcke, Timo},
  journal={Journal of Computational Physics},
  volume={227},
  number={14},
  pages={7003--7026},
  year={2008},
  publisher={Elsevier}
}

@article{gopal2019solving,
  title={Solving {Laplace} problems with corner singularities via rational functions},
  author={Gopal, Abinand and Trefethen, Lloyd N},
  journal={arXiv preprint arXiv:1905.02960},
  year={2019}
}

@book{davis2007methods,
  title={Methods of numerical integration},
  author={Davis, Philip J and Rabinowitz, Philip},
  year={2007},
  publisher={Courier Corporation}
}

%%%%%%%%%%%%%%%%%%%%%%%%%%%%%%%%%%%%%%%%%%%%%
% Singularity subtraction 
%%%%%%%%%%%%%%%%%%%%%%%%%%%%%%%%%%%%%%%%%%%%%
@article{jarvenpaa2003singularity,
  title={Singularity extraction technique for integral equation methods with higher order basis functions on plane triangles and tetrahedra},
  author={J{\"a}rvenp{\"a}{\"a}, Seppo and Taskinen, Matti and Yl{\"a}-Oijala, Pasi},
  journal={International journal for numerical methods in engineering},
  volume={58},
  number={8},
  pages={1149--1165},
  year={2003},
  publisher={Wiley Online Library}
}
@article{jarvenpaa2006singularity,
  title={Singularity subtraction technique for high-order polynomial vector basis functions on planar triangles},
  author={Jarvenpaa, Seppo and Taskinen, Matti and Yl{\"a}-Oijala, Pasi},
  journal={IEEE transactions on antennas and propagation},
  volume={54},
  number={1},
  pages={42--49},
  year={2006},
  publisher={IEEE}
}

@article{nair2013singularity,
  title={A singularity cancellation technique for weakly singular integrals on higher order surface descriptions},
  author={Nair, NV and Pray, AJ and Villa-Giron, J and Shanker, B and Wilton, DR},
  journal={IEEE Transactions on Antennas and Propagation},
  volume={61},
  number={4},
  pages={2347--2352},
  year={2013},
  publisher={IEEE}
}
  %url ={https://ieeexplore.ieee.org/abstract/document/6420887}



%%%%%%%%%%%%%%%%%%%%%%%%%%%%
% BIE formulation references
%%%%%%%%%%%%%%%%%%%%%%%%%%%% 
@book{mikhlin2014integral,
  title={Integral equations: and their applications to certain problems in mechanics, mathematical physics and technology},
  author={Mikhlin, Solomon Grigorevich},
  volume={4},
  year={2014},
  publisher={Elsevier}
}
@book{pozrikidis1992boundary,
  title={Boundary integral and singularity methods for linearized viscous flow},
  author={Pozrikidis, Constantine},
  year={1992},
  publisher={Cambridge University Press}
}
@book{parton1982integral,
  title={Integral equations in elasticity},
  author={Parton, Vladimir Zalmanovich and Perlin, Petr Il'i{\v{c}}},
  year={1982},
  publisher={Imported Pubn}
}


%%%%%
% vesicles
%%%%%
@article{lu2019scalable,
  title={Scalable Simulation of Realistic Volume Fraction Red Blood Cell Flows through Vascular Networks},
  author={Lu, Libin and Morse, Matthew J and Rahimian, Abtin and Stadler, Georg and Zorin, Denis},
  journal={arXiv preprint arXiv:1909.11085},
  year={2019}
}

@phdthesis{lu2019parallel,
  title={Parallel Contact-Aware Algorithms for Large-Scale Direct Blood Flow Simulations},
  author={Lu, Libin},
  year={2019},
  school={New York University}
}

@incollection{atkinson2009numerical,
  title={Numerical solution of {Fredholm} integral equations of the second kind},
  author={Atkinson, Kendall and Han, Weimin},
  booktitle={Theoretical Numerical Analysis},
  pages={473--549},
  year={2009},
  publisher={Springer}
}

@article{schleicher2017newton,
  title={Newton's method in practice: Finding all roots of polynomials of degree one million efficiently},
  author={Schleicher, Dierk and Stoll, Robin},
  journal={Theoretical Computer Science},
  volume={681},
  pages={146--166},
  year={2017},
  publisher={Elsevier}
}

@article{webb2012stability,
  title={Stability of barycentric interpolation formulas for extrapolation},
  author={Webb, Marcus and Trefethen, Lloyd N and Gonnet, Pedro},
  journal={SIAM Journal on Scientific Computing},
  volume={34},
  number={6},
  pages={A3009--A3015},
  year={2012},
  publisher={SIAM}
}


@article{trefethen1991two,
  title={Two results on polynomial interpolation in equally spaced points},
  author={Trefethen, Lloyd N and Weideman, JAC},
  journal={Journal of Approximation Theory},
  volume={65},
  number={3},
  pages={247--260},
  year={1991},
  publisher={Elsevier}
}

@article{platte2011impossibility,
  title={Impossibility of fast stable approximation of analytic functions from equispaced samples},
  author={Platte, Rodrigo B and Trefethen, Lloyd N and Kuijlaars, Arno BJ},
  journal={SIAM review},
  volume={53},
  number={2},
  pages={308--318},
  year={2011},
  publisher={SIAM}
}


@incollection{pironneau1982optimal,
  title={Optimal shape design for elliptic systems},
  author={Pironneau, Olivier},
  booktitle={System Modeling and Optimization},
  pages={42--66},
  year={1982},
  publisher={Springer}
}
@misc{geogram,
  title={Geogram},
  author={L{\'e}vy, Bruno},
  year={2015}
}
@article{abduljabbar2019extreme,
  title={Extreme scale {FMM}-accelerated boundary integral equation solver for wave scattering},
  author={Abduljabbar, Mustafa and Farhan, Mohammed Al and Al-Harthi, Noha and Chen, Rui and Yokota, Rio and Bagci, Hakan and Keyes, David},
  journal={SIAM Journal on Scientific Computing},
  volume={41},
  number={3},
  pages={C245--C268},
  year={2019},
  publisher={SIAM}
}


@article{kapur1997high,
  title={High-order corrected trapezoidal quadrature rules for singular functions},
  author={Kapur, Sharad and Rokhlin, Vladimir},
  journal={SIAM Journal on Numerical Analysis},
  volume={34},
  number={4},
  pages={1331--1356},
  year={1997},
  publisher={SIAM}
}

@book{axler2013harmonic,
  title={Harmonic function theory},
  author={Axler, Sheldon and Bourdon, Paul and Wade, Ramey},
  volume={137},
  year={2013},
  publisher={Springer Science \& Business Media}
}

@article{wu2020solution,
    title={Solution of Stokes flow in complex nonsmooth 2D geometries via a linear-scaling high-order adaptive integral equation scheme},
    author={Wu, Bowei and Zhu, Hai and Barnett, Alex and Veerapaneni, Shravan},
    journal={Journal of Computational Physics},
    pages={109361},
    year={2020},
    publisher={Elsevier}
}

@article{wala2020approximation,
    title={On the Approximation of Local Expansions of Laplace Potentials by the Fast Multipole Method},
    author={Wala, Matt and Kl{\"o}ckner, Andreas},
    journal={arXiv preprint arXiv:2008.00653},
    year={2020}
}

@article{morse2020bsupplementary,
    title={Supplementary Material for: A robust solver for elliptic {PDE}s in {3D} complex geometries},
    author={Morse, Matthew J. and Rahimian, Abtin and Zorin, Denis},
    journal={\href{https://cims.nyu.edu/gcl/papers/2020-qbkix3d-supplementary.pdf}{https://cims.nyu.edu/gcl/papers/2020-qbkix3d-supplementary.pdf}},
    year={2020}
}

@article{morse2020robust,
  title={A robust solver for elliptic PDEs in 3D complex geometries},
  author={Morse, Matthew J and Rahimian, Abtin and Zorin, Denis},
  journal={arXiv preprint arXiv:2002.04143},
  year={2020}
}
 
@Book{pozrikidis-1992-BISMLVF,
author =		  {Costas Pozrikidis},
title =		  {Boundary Integral and Singularity Methods for
                Linearized Viscous Flow},
publisher =	  {Cambridge University Press},
year =			  1992
}



@book{hsiao2008boundary,
title={Boundary integral equations},
author={Hsiao, George C and Wendland, Wolfgang L},
year={2008},
publisher={Springer}
}

@misc{nedelec2001acoustic,
  title={Acoustic and electromagnetic equations, volume 144 of Applied Mathematical Sciences},
  author={N{\'e}d{\'e}lec, Jean-Claude},
  year={2001},
  publisher={Springer-Verlag, New York}
}

@article{young2021many,
  title={The many behaviors of deformable active droplets},
  author={Young, Y-N and Shelley, Michael J and Stein, David B},
  journal={Mathematical Biosciences and Engineering},
  volume={18},
  number={3},
  pages={2849--2881},
  year={2021}
}
@article{kabacaouglu2019sorting,
  title={Sorting same-size red blood cells in deep deterministic lateral displacement devices},
  author={Kabacao{\u{g}}lu, G{\"o}kberk and Biros, George},
  journal={Journal of Fluid Mechanics},
  volume={859},
  pages={433--475},
  year={2019},
  publisher={Cambridge University Press}
}
@article{nazockdast2017cytoplasmic,
  title={Cytoplasmic flows as signatures for the mechanics of mitotic positioning},
  author={Nazockdast, Ehssan and Rahimian, Abtin and Needleman, Daniel and Shelley, Michael},
  journal={Molecular biology of the cell},
  volume={28},
  number={23},
  pages={3261--3270},
  year={2017},
  publisher={Am Soc Cell Biol}
}
